<?xml version="1.0" encoding="UTF-8"?><collection xmlns="http://www.loc.gov/MARC21/slim"><record><leader>00403nam--2200145-i-4500</leader><controlfield tag="001">000013222</controlfield><controlfield tag="002">20161230</controlfield><controlfield tag="005">20161230201030</controlfield><controlfield tag="008">060222s1000------------r-----000-0-eng-d</controlfield><datafield ind1=" " ind2=" " tag="080"><subfield code="a">577.355</subfield></datafield><datafield ind1=" " ind2=" " tag="100"><subfield code="a">Barber, J</subfield></datafield><datafield ind1=" " ind2=" " tag="245"><subfield code="a">Photosynthesis in relation to model systems</subfield></datafield><datafield ind1=" " ind2=" " tag="260"><subfield code="a">Amsterdam, Elsevier Scientific Publishing Comp 1979. Xii + 434 P</subfield></datafield><datafield ind1=" " ind2=" " tag="490"><subfield code="a">Topics In Photosynthesis</subfield></datafield><datafield ind1=" " ind2=" " tag="852"><subfield code="a">47999</subfield></datafield></record></collection>